@article{behzadian2012state,
  title={A state-of the-art survey of TOPSIS applications},
  author={Behzadian, Majid and Otaghsara, S Khanmohammadi and Yazdani, Morteza and Ignatius, Joshua},
  journal={Expert Systems with applications},
  volume={39},
  number={17},
  pages={13051--13069},
  year={2012},
  publisher={Elsevier},
}
@article{hanusz2016shapiro,
  title={Shapiro--Wilk test with known mean},
  author={Hanusz, Zofia and Tarasinska, Joanna and Zielinski, Wojciech},
  journal={REVSTAT-statistical Journal},
  volume={14},
  number={1},
  pages={89--100},
  year={2016}
}
@article{何志昆2013高斯过程回归方法综述,
  title={高斯过程回归方法综述},
  author={何志昆 and 刘光斌 and 赵曦晶 and 王明昊},
  journal={控制与决策},
  volume={28},
  number={8},
  pages={1121--1129},
  year={2013}
}