@article{SJCZ201701069,
author = {  张浩 and 赵世杰},
title = {高速公路复杂地质高边坡滑坡机理分析},
journal = {居业},
volume = {},
number = {01},
pages = {128-129},
year = {2017},
issn = {2095-4085},
}    
@article{JZGC202506001,
author = {欧剑},
title = {高速公路组合扶壁式挡土墙力学特性研究},
journal = {价值工程},
volume = {44},
number = {06},
pages = {1-5},
year = {2025},
issn = {1006-4311},
}    
@article{YSLX202306018,
author = {  芮瑞 and     蒋旺 and     徐杨青 and     夏荣基 and     Edo Ekata Emmanuel and 丁锐恒},
title = {刚性挡土墙位移模式对土压力的影响试验研究},
journal = {岩石力学与工程学报},
volume = {42},
number = {06},
pages = {1534-1545},
year = {2023},
issn = {1000-6915},
doi = {10.13722/j.cnki.jrme.2022.0808}
}    
@article{2019Seismic,
  title={Seismic analysis of geosynthetic-reinforced retaining wall in cohesive soils},
  author={ Alhajj Chehade, H.  and  Dias, D.  and  Sadek, M.  and  Jenck, O.  and  Hage Chehade, F. },
  journal={Geotextiles and Geomembranes},
  year={2019},
}
@book{中华人民共和国建设部2002GB,
  title={GB 50010-2002 混凝土结构设计规范},
  author={中华人民共和国建设部},
  publisher={GB 50010-2002 混凝土结构设计规范},
  year={2002},
}
@article{YSGL202508007,
author = {  王伦清 and 李青},
title = {高速公路路基挡土墙防护设计与施工方法},
journal = {运输经理世界},
volume = {},
number = {08},
pages = {19-21},
year = {2025},
issn = {1673-3681},
}    
